@article{prueba,
  title={prueba del documento lenguaje Latex},
  author={Autor},
  journal={https://www.overleaf.com/},
  volume={13},
  number={36},
  pages={34--36},
  year={2022}
}
