@article{prueba,
  title={prueba del documento lenguaje Latex},
  author={Autor},
  journal={https://www.overleaf.com/},
  volume={13},
  number={36},
  pages={34--36},
  year={2022}
}

@misc{datos,
  title = { ANÁLISIS DEL COMPORTAMIENTO DEL TRÁFICO DE PASAJEROS EN EL ÁMBITO NACIONAL E INTERNACIONAL (ENERO-SETIEMBRE 2023) },
	year = {2023},
	month = nov,
	note = {[Online; accessed 9. Dec. 2023]},
	url = {https://cdn.www.gob.pe/uploads/document/file/401547/343577-analisis-del-comportamiento-del-trafico-de-pasajeros-en-el-ambito-nacional-e-internacional-setiembre-2023.pdf?v=1699911688}
}


##articulos
@article{atencion1,
	author = {Santos, Betina Pinto},
	title = {{Estudiantes con d{\ifmmode\acute{e}\else\'{e}\fi}ficit de atenci{\ifmmode\acute{o}\else\'{o}\fi}n: la vida cotidiana en el aula}},
	journal = {Revista Cient{\ifmmode\acute{\imath}\else\'{\i}\fi}fica Multidisciplinar N{\ifmmode\acute{u}\else\'{u}\fi}cleo do Conhecimento},
	volume = {15},
	number = {11},
	pages = {106--117},
	year = {2020},
	month = nov,
	url = {https://www.nucleodoconhecimento.com.br/educacion-es/aula}
}

@article{atencion2,
  title={D{\'e}ficit de atenci{\'o}n en los estudiantes de segundo grado de educaci{\'o}n secundaria},
  author={Balladares Cornejo, Felisa Alaris},
  year={2018},
  publisher={Universidad Nacional de Tumbes}
}
@article{justificacion,
  author          = {Arias Alarcon, Ariela Susana and Tintaya Justo, Lelis Carmen},
  journal         = {Universidad Nacional de San Agustín de Arequipa},
  number          = {none},
  title           = {Factores de riesgo que influyen en el desarrollo personal – social de los adolescentes de la institución educativa secundaria San Martín, del distrito de Juliaca, provincia de San Román departamento de Puno, 2015},
  volume          = {none },
  year            = {2015}
}


@misc{atencion3,
	title = {{Causas de la falta de atenci{\ifmmode\acute{o}\else\'{o}\fi}n en clase}},
	journal = {VIU Colombia},
	year = {2024},
	month = jan,
	note = {[Online; accessed 21. Jan. 2024]},
	url = {https://www.universidadviu.com/co/actualidad/nuestros-expertos/causas-de-la-falta-de-atencion-en-clase}
}



@phdthesis{nacional,
	author = {Villalobos Yarihuam{\ifmmode\acute{a}\else\'{a}\fi}n, Frank Gers{\ifmmode\acute{o}\else\'{o}\fi}n},
	title = {{Sistema Web para el monitoreo de rendimiento acad{\ifmmode\acute{e}\else\'{e}\fi}mico en los cursos de los estudiantes de primer grado de secundaria en la I.E. Pedro A. Lavarte}},
	year = {2018},
	school = {Universidad C{\ifmmode\acute{e}\else\'{e}\fi}sar Vallejo},
	url = {https://repositorio.ucv.edu.pe/handle/20.500.12692/47698}
}