@article{prueba,
  title={prueba del documento lenguaje Latex},
  author={Autor},
  journal={https://www.overleaf.com/},
  volume={13},
  number={36},
  pages={34--36},
  year={2022}
}
@misc{filosofo,
	title = {{Programaci{\ifmmode\acute{o}\else\'{o}\fi}n concurrente}},
	year = {2023},
	month = nov,
	note = {[Online; accessed 26. Apr. 2024]},
	url = {https://ferestrepoca.github.io/paradigmas-de-programacion/progconcurrente/concurrente_teoria/index.html}
}

@misc{productor,
	author = {NetMentor},
	title = {{Patr{\ifmmode\acute{o}\else\'{o}\fi}n productor consumidor}},
	journal = {Https://www.netmentor},
	year = {2024},
	month = apr,
	note = {[Online; accessed 26. Apr. 2024]},
	url = {https://www.netmentor.es/entrada/patron-productor-consumidor}
}

@misc{			,
	title = {{Problema de los escritores y lectores}},
	journal = {emaze presentations},
	year = {2024},
	month = apr,
	note = {[Online; accessed 26. Apr. 2024]},
	url = {https://www.emaze.com/@aowflroql/Problema-de-los-escritores-y-lectores}
}