@article{prueba,
  title={prueba del documento lenguaje Latex},
  author={Autor},
  journal={https://www.overleaf.com/},
  volume={13},
  number={36},
  pages={34--36},
  year={2022}
}

@misc{datos,
  title = { ANÁLISIS DEL COMPORTAMIENTO DEL TRÁFICO DE PASAJEROS EN EL ÁMBITO NACIONAL E INTERNACIONAL (ENERO-SETIEMBRE 2023) },
	year = {2023},
	month = nov,
	note = {[Online; accessed 9. Dec. 2023]},
	url = {https://cdn.www.gob.pe/uploads/document/file/401547/343577-analisis-del-comportamiento-del-trafico-de-pasajeros-en-el-ambito-nacional-e-internacional-setiembre-2023.pdf?v=1699911688}
}

@misc{definicion,
	author = {Asale, Rae- and Rae},
	title = {{auditor{\ifmmode\acute{\imath}\else\'{\i}\fi}a {$\vert$} Diccionario de la lengua espa{\ifmmode\tilde{n}\else\~{n}\fi}ola}},
	journal = {{\ifmmode\mbox{\guillemotleft}\else\guillemotleft\fi}Diccionario de la lengua espa{\ifmmode\tilde{n}\else\~{n}\fi}ola{\ifmmode\mbox{\guillemotright}\else\guillemotright\fi} - Edici{\ifmmode\acute{o}\else\'{o}\fi}n del Tricentenario},
	year = {2024},
	month = apr,
	note = {[Online; accessed 6. Apr. 2024]},
	url = {https://dle.rae.es/auditor%C3%ADa}
}

@misc{img_auditoria,
	title = {{audit{$\_$}online{$\_$}3.jpg (1280{\ifmmode\times\else\texttimes\fi}891)}},
	year = {2022},
	month = aug,
	note = {[Online; accessed 6. Apr. 2024]},
	url = {https://masfinanzas.com.pe/wp-content/uploads/2022/08/audit_online_3.jpg}
}

@article{audit_financiera,
  title={Auditor{\'\i}a financiera},
  author={Lara, E and Brucil, G and Sar{\'a}uz, V},
  journal={Ibarra: Universidad T{\'e}cnica del Norte},
  year={2019}
}

@misc{fig_financiera,
	title = {Portada de Auditoria Financiera},
  year = {2023},
	month = oct,
	note = {[Online; accessed 6. Apr. 2024]},
	url = {https://guiadelempresario.com/wp-content/uploads/2022/01/Portada-de-auditori%CC%81a-Financiera.jpg}
}

@article{audit_cumplimiento,
  title={Auditor{\'\i}a de cumplimiento tributario y su efecto en el riesgo impositivo},
  author={Lozano-Solano, Irma Polanca and Narv{\'a}ez-Zurita, Cecilia Ivonne},
  journal={CIENCIAMATRIA},
  volume={7},
  number={2},
  pages={4--35},
  year={2021}
}


@misc{fig_cumplimiento,
	title = {Portada de Auditoria de Cumplimiento},
	year = {2016},
	month = jun,
	note = {[Online; accessed 6. Apr. 2024]},
	url = {https://auditoria-auditores.com/files/media/image/articles/2016/06/original/712viraudit.jpg}
}


@article{audit_operativa,
  title={Auditoria Operativa},
  author={Gonzales, EF},
  journal={Quito: Universidad Central del Ecuador},
  year={2018}
}


@misc{fig_operativa,
	title = {{151231-145639{$\_$}1.jpg (600{\ifmmode\times\else\texttimes\fi}300)}},
	year = {2022},
	month = nov,
	note = {[Online; accessed 6. Apr. 2024]},
	url = {https://supplychainmexico.com/wp-content/uploads/2022/11/151231-145639_1.jpg}
}

@misc{fig_software,
	title = {{auditoria-de-seguridad-informatica-980x475.jpg (980{\ifmmode\times\else\texttimes\fi}475)}},
	year = {2024},
	month = jan,
	note = {[Online; accessed 6. Apr. 2024]},
	url = {https://acerkate.com/storage/2021/04/auditoria-de-seguridad-informatica-980x475.jpg}
}

@book{audit_sofware,
  title={Auditor{\'\i}a inform{\'a}tica},
  author={Rivas, Gonzalo Alonso},
  year={1988},
  publisher={Ediciones D{\'\i}az de Santos}
}

@article{audit_gestion,
  title={Auditor{\'\i}a un enfoque de gesti{\'o}n},
  author={Arias, Ivan},
  journal={Observatorio de la econom{\'\i}a latinoamericana},
  number={abril},
  year={2018}
}

@misc{fig_Desemple,
	title = {{Fotolia{$\_$}226513718{$\_$}S{$\_$}777.jpg (735{\ifmmode\times\else\texttimes\fi}363)}},
	year = {2022},
	month = may,
	note = {[Online; accessed 6. Apr. 2024]},
	url = {https://www.auditool.org/images/Fotolia_226513718_S_777.jpg}
},
	title = {{Fotolia{$\_$}226513718{$\_$}S{$\_$}777.jpg (735{\ifmmode\times\else\texttimes\fi}363)}},
	year = {2022},
	month = may,
	note = {[Online; accessed 6. Apr. 2024]},
	url = {https://www.auditool.org/images/Fotolia_226513718_S_777.jpg}
}